@article{Reference1,
    Title = {Quantum Computing: Can It Ever Work Without All That Noise?},
    Author = {Micheal Brooks},
    Journal = {MIT Technology Review},
    Year = {2024},
    Month = {January},
    Url = {https://www.technologyreview.com/2024/01/04/1084783/quantum-computing-noise-google-ibm-microsoft/},
    Abstract = {The article discusses the current limitations in quantum computing, particularly the issue of quantum noise, and explores the efforts by companies like Google, Microsoft, and IBM to overcome these challenges in the quest to create the world's next big thing in computing.},
    urldate = {2024-10-29}
}

@article{Refrence2,
    Title = {Simulating Physics with Computers},
    Author = {Richard P. Feynman},
    Journal = {International Journal of Theoretical Physics},
    Year = {1982},
    Volume = {21},
    Url = {https://catonmat.net/ftp/simulating-physics-with-computers-richard-feynman.pdf},
    Abstract = {Feynman explores the potential of quantum computers to simulate quantum physical processes, an approach classical computers cannot handle efficiently, laying foundational concepts for quantum computing.},
    urldate = {2024-11-01}
}


@INPROCEEDINGS{Reference3,
  author={Shor, P.W.},
  booktitle={Proceedings 35th Annual Symposium on Foundations of Computer Science}, 
  title={Algorithms for quantum computation: discrete logarithms and factoring}, 
  year={1994},
  volume={},
  number={},
  pages={124-134},
  keywords={Quantum computing;Quantum mechanics;Polynomials;Computational modeling;Physics computing;Computer simulation;Costs;Mechanical factors;Cryptography;Circuit simulation},
  doi={10.1109/SFCS.1994.365700}, 
  }

@online{refrence4,
    Title = {Quantum States and the Bloch Sphere},
    Author = {Pranav Viswanath},
    Year = {2021},
    Url = {https://medium.com/quantum-untangled/quantum-states-and-the-bloch-sphere-9f3c0c445ea3},
    urldate = {2024-11-10},
    Abstract = {This article provides an overview of quantum states and explains how the Bloch sphere represents qubit superposition, offering a visual framework for understanding the behavior of quantum systems.}
}
